@abnt-options{abnt-options4,
  abnt-thesis-year = {final},
  abnt-full-initials = {yes},
  abnt-year-extra-label = {yes},
  abnt-repeated-title-omit = {yes},
  abnt-repeated-author-omit = {yes},
  abnt-etal-list = 3,
  key = {a},
}

@article{souza2010,
    title = "A hybrid heuristic algorithm for the open-pit-mining operational planning problem",
    journal = "European Journal of Operational Research",
    volume = "207",
    number = "2",
    pages = "1041 - 1051",
    year = "2010",
    issn = "0377-2217",
    doi = "https://doi.org/10.1016/j.ejor.2010.05.031",
    url = "http://www.sciencedirect.com/science/article/pii/S0377221710003875",
    author = "M.J.F. Souza and I.M. Coelho and S. Ribas and H.G. Santos and L.H.C. Merschmann",
    keywords = "Open-pit-mining, Metaheuristics, Variable neighborhood search, Mathematical programming"
}

@article {endm2018:araujo,
	author={Rodolfo Pereira Araujo and Eyder Rios and Igor Machado Coelho and Leandro A. J. Marzulo and Maria Clicia Castro},
	title={A novel List-Constrained Randomized VND approach in GPU for the Traveling Thief Problem},
	journal={Eletronic Notes in Discrete Mathematics},
	volume={66},
	pages={183--190},
	doi={https://doi.org/10.1016/j.endm.2018.03.024},
	year={2018}
}

@Article{flynn1972,
	Title                    = {Some Computer Organizations and Their Effectiveness},
	Author                   = {Flynn, Michael J},
	Journal                  = {IEEE Transactions on Computers},
	Year                     = {1972},

	Month                    = sep,
	Number                   = {9},
	Pages                    = {948--960},
	Volume                   = {C-21},

	Keywords                 = {reference},
	Publisher                = {IEEE}
}

@article {1473,
	title = {OmpSs: A PROPOSAL FOR PROGRAMMING HETEROGENEOUS MULTI-CORE ARCHITECTURES},
	journal = {Parallel Processing Letters},
	volume = {21},
	year = {2011},
	month = {2011-03-01},
	pages = {173-193},
	keywords = {accelerators, GPUs, heterogeneous architectures, OmpSs, OpenCL, OpenMP, Parallel Programming},
	doi = {http://dx.doi.org/10.1142/S0129626411000151},
	author = {Alejandro Duran and Eduard Ayguad{\'e} and Rosa M. Badia and Jes{\'u}s Labarta and Luis Martinell and Xavier Martorell and Judit Planas}
}

@article{trebuchetijhpsa,
	address = {Inderscience Publishers, Geneva, SWITZERLAND},
	author = {Alves, Tiago A.O. and Marzulo, Leandro A.J. and Franca, Felipe M.G. and Costa, Vitor Santos},
	doi = {10.1504/IJHPSA.2011.040466},
	file = {:home/lmarzulo/Documents/papers/IJHPSA0302-0307 ALVES.pdf:pdf},
	issn = {1751-6528},
	journal = {International Journal of High Performance Systems Architecture},
	keywords = {computer architecture,data-flow architectures,parallel programming},
	number = {2/3},
	pages = {137},
	publisher = {Inderscience Publishers},
	title = {{Trebuchet: exploring TLP with dataflow virtualisation}},
	volume = {3},
	year = {2011}
}

%    url = {https://doi.org/10.1016/0167-6377(89)90002-3},
@article{feo:1989,
    author = "Thomas A Feo and Mauricio G.C Resende",
    title = {A probabilistic heuristic for a computationally difficult set covering problem},
    month = {April},
    year = {1989},
    pages = {67--71},
    volume = 8,
    publisher = {ELSEVIER},
    url = "https://doi.org/10.1016/0167-6377(89)90002-3",
    journal = {Operations Research Letters}
}

@article{araujo:2009,
    author = "Rodolfo Pereira Araújo and André Gustavo dos Santos and José Elias Claudio Arroyo",
    title = {Genetic Algorithm and Local Search for Just-in-Time Job Shop Scheduling},
    year = {2009},
    pages = {955--961},
    publisher = {IEEE},
    journal = {Congress on Evolutionary Computation}
}

@ARTICLE{Coelho:2017,
    AUTHOR = {Rios, E. and Ochi, L.S. and Boeres, C. and Coelho, V.N. and  Coelho, I.M. and Farias, R.},
    TITLE = {Exploring parallel multi-GPU local search strategies in a metaheuristic framework},
    YEAR={2018},
    JOURNAL={Journal of Parallel and Distributed Computing},
    VOLUME={111},
    PAGES={39--55}
}

@article{DiMarco:2013,
    author = "DiMarco, Jeffrey and Taufer, Michela",
    title = {Performance impact of dynamic parallelism on different clustering algorithms},
    year = {2013},
    month = {May},
    volume = {8752},
    publisher = {SPIE},
    doi = "10.1117/12.2018069",
    journal = {Modeling and Simulation for Defense Systems and Applications VIII}
}

@article{Polyakovskiy:2014,
    author = "Polyakovskiy, Sergey and Bonyadi, Mohammad reza and Wagner, Markus and Michalewicz, Zbigniew and Neumann, Frank",
    title = {A Comprehensive Benchmark Set and Heuristics for the Travelling Thief Problem},
    year = {2013},
    journal = {Genetic and Evolutionary Computation Conference (GECCO)},
    doi = {10.1145/2576768.2598249}
}

@article{Bonyadi:2013,
    author = "Bonyadi, Mohammad reza and Michalewicz, Zbigniew and L. Barone",
    title = {The travelling thief problem: The first step in the transition from theoretical problems to realistic problems},
    year = {2013},
    journal = {IEEE Congress on Evolutionary Computation},
    pages = {1037--1044}
}

%    url = {http://cdsid.org.br/sbpo2015/wp-content/uploads/2015/08/143072.pdf},
@article{Oliveira:2015,
    author = "Oliveira, Matheus R. R. and dos Santos, André Gustavo and Araujo, Matheus de Freitas",
    title = {Uma heurística Busca Tabu para o Problema do Mochileiro Viajante},
    year = {2015},
    url = "http://cdsid.org.br/sbpo2015/wp-content/uploads/2015/08/143072.pdf",
    journal = {Brazilian SBPO}
}

@article {jpdc2017,
	author={Eyder Rios and Luiz Satoru Ochi and Cristina Boeres and Vitor N. Coelho and Igor M. Coelho and Ricardo Farias },
	title={ Exploring parallel multi-GPU local search strategies in a metaheuristic framework },
	journal={ JOURNAL OF PARALLEL AND DISTRIBUTED COMPUTING },
	volume={ 111 },
	pages={ 39--55 },
	doi={ http://dx.doi.org/10.1016/j.jpdc.2017.06.011 },
	year={ 2017 }
}

@article {vns2015,
	author={Eyder Rios and Luiz Satoru Ochi and Cristina Boeres and Igor M. Coelho and Vitor N. Coelho and Nenad Mladenovi\'{c}},
	title={A performance study on multi improvement neighborhood search strategy },
	journal={ ELECTRONIC NOTES IN DISCRETE MATHEMATICS },
	volume={58},
	pages={199--206},
	doi={ http://dx.doi.org/10.1016/j.endm.2017.03.026 },
	year={ 2017 }
}

@article{journals/pc/BosilcaBDHLD12,
	added-at = {2012-01-13T00:00:00.000+0100},
	author = {Bosilca, George and Bouteiller, Aurelien and Danalis, Anthony and Hérault, Thomas and Lemarinier, Pierre and Dongarra, Jack},
	biburl = {http://www.bibsonomy.org/bibtex/27a0249aed3d16a7f081a518dc7781332/dblp},
	ee = {http://dx.doi.org/10.1016/j.parco.2011.10.003},
	interhash = {4b8745637e912a7c0f96c78864baeb62},
	intrahash = {7a0249aed3d16a7f081a518dc7781332},
	journal = {Parallel Computing},
	keywords = {dblp},
	number = {1-2},
	pages = {37-51},
	timestamp = {2012-01-13T00:00:00.000+0100},
	title = {DAGuE: A generic distributed DAG engine for High Performance Computing.},
	volume = 38,
	year = 2012
}

%Dataflow para paralelismo
@article{Giorgi2014,
	hal_id = {hal-00992721},
	title = {{TERAFLUX: Harnessing dataflow in next generation teradevices}},
	author = {Giorgi, Roberto and M., Rosa and Bodin, Fran{\c c}ois and Cohen, Albert and Evripidou, Paraskevas and Faraboschi, Paolo and Fechner, Bernhard and R., Guang and Garbade, Arne and Gayatri, Rahul and Girbal, Sylvain and Goodman, Daniel and Khan, Behran and Kolia{\"\i}, Souad and Landwehr, Joshua and Minh, Nhat and Li, Feng and Luj{\`a}n, Mikel and Mendelson, Avi and Morin, Laurent and Navarro, Nacho and Patejko, Tomasz and Pop, Antoniu and Trancoso, Pedro and Ungerer, Theo and Watson, Ian and Weis, Sebastian and Zuckerman, St{\'e}phane and Valero, Mateo},
	abstract = {{The improvements in semiconductor technologies are gradually enabling extreme-scale systems such as teradevices (i.e., chips composed by 1000 billion of transistors), most likely by 2020. Three major challenges have been identified: programmability, manageable architecture design, and reliability. TERAFLUX is a Future and Emerging Technology (FET) large-scale project funded by the European Union, which addresses such challenges at once by leveraging the dataflow principles. This paper presents an overview of the research carried out by the TERAFLUX partners and some preliminary results. Our platform comprises 1000+ general purpose cores per chip in order to properly explore the above challenges. An architectural template has been proposed and applications have been ported to the platform. Programming models, compilation tools, and reliability techniques have been developed. The evaluation is carried out by leveraging on modifications of the HP-Labs COTSon simulator.}},
	keywords = {Multi-cores ; Dataflow; Programming model; Compilation; Reliability; Architecture; Simulation; Many-cores; Exascale computing},
	language = {English},
	affiliation = {PARKAS - INRIA Paris-Rocquencourt},
	publisher = {Elsevier},
	pages = {-},
	journal = {Microprocessors and Microsystems},
	note = {Available online 18 April 2014 },
	audience = {international },
	doi = {10.1016/j.micpro.2014.04.001 },
	year = {2014},
}

@Article{silva2012,
	Title                    = {A simple and effective metaheuristic for the Minimum Latency Problem},
	Author                   = {Marcos Melo Silva and Anand Subramanian and Thibaut Vidal and Luiz Satoru Ochi},
	Journal                  = {EJOR},
	Year                     = {2012},

	Month                    = {Sep},
	Number                   = {3},
	Pages                    = {513--520},
	Volume                   = {221},

	Doi                      = {10.1016/j.ejor.2012.03.044},
	ISSN                     = {03772217},
	Publisher                = {Elsevier B.V.},
	Url                      = {http://linkinghub.elsevier.com/retrieve/pii/S037722171200269X}
}

@Article{subramanian2013,
	Title                    = {A hybrid algorithm for a class of vehicle routing problems},
	Author                   = {Anand Subramanian, and Eduardo Uchoa and Luiz Satoru Ochi},
	Journal                  = {Computers \& Operations Research},
	Year                     = {2013},

	Month                    = oct,
	Number                   = {10},
	Pages                    = {2519--2531},
	Volume                   = {40},

	Publisher                = {Elsevier}
}

@article{RIOS201839,
    title = "Exploring parallel multi-GPU local search strategies in a metaheuristic framework",
    journal = "Journal of Parallel and Distributed Computing",
    volume = "111",
    pages = "39 - 55",
    year = "2018",
    issn = "0743-7315",
    doi = "https://doi.org/10.1016/j.jpdc.2017.06.011",
    url = "http://www.sciencedirect.com/science/article/pii/S0743731517302009",
    author = "Eyder Rios and Luiz Satoru Ochi and Cristina Boeres and Vitor N. Coelho and Igor M. Coelho and Ricardo Farias",
    keywords = "Multi-GPU, Parallel metaheuristic, Local search, Minimum latency problem, VND, GRASP, ILS"
}

@article{Dantzig:1954,
    author = "Dantzig, G. and Fulkerson, R. and Johnson, S.",
    title = {Solution of a Large-Scale Traveling Salesman Problem},
    year = {1954},
    journal = {Operations Research},
    volume = 2,
    pages = {393--410}
}

@article{wagner:2017,
    author = "Wagner, Markus and Lindauer, Marius and Mısır, Mustafa and Nallaperuma, Samadhi and Hutter, Frank",
    title = {A case study of algorithm selection for the traveling thief problem},
    year = {2017},
    month = {April},
    publisher = {Springer},
    journal = {J. of Heuristics},
    doi = {10.1007/s10732-017-9328-y}
}

@article{mei:2015,
    author = "Mei, Yi and Li, Xiaodong and Salim, Flora and Yao, Xin",
    title = {Heuristic Evolution with Genetic Programming for Traveling Thief Problem},
    year = {2015},
    month = {May},
    publisher = {IEEE},
    address = "Densai, Japan",
    doi = {10.1109/CEC.2015.7257230},
    issn = "1089-778X",
    journal = {Congress on Evolutionary Computation}
}

@article{Lin:2014,
	author = "Canhong Lin and K.L. Choy and G.T.S. Ho and S.H. Chung and H.Y. Lam",
	title = "Survey of Green Vehicle Routing Problem: Past and future trends",
	journal = "Expert Systems with Applications",
	volume = "41",
	number = "4",
	year = "2014",
	note = "",
	issn = "0957-4174",
	doi = "http://dx.doi.org/10.1016/j.eswa.2013.07.107",
	url = "http://www.sciencedirect.com/science/article/pii/S095741741300609X"
}

%    url = {https://arxiv.org/abs/1606.06818},
@article{Bonyadi:2016,
    author = "Bonyadi, Mohammad Reza and Michalewicz, Zbigniew and Neumann, Frank and Wagner, Markus",
    title = {Evolutionary computation for multicomponent problems: opportunities and future directions},
    month = {June},
    year = {2016},
    publisher = {Cornell University},
    journal = {Neural and Evolutionary Computing},
    url = "https://arxiv.org/abs/1606.06818"
}

@Article{mladenovic1997,
	Title                    = {Variable neighborhood search},
	Author                   = {Nenad Mladenovi\'{c} and Pierre Hansen},
	Journal                  = {Computers \& Operations Research},
	Year                     = {1997},

	Month                    = nov,
	Number                   = {11},
	Pages                    = {1097--1100},
	Volume                   = {24},

	Keywords                 = {REF,VNS},
	Mendeley-tags            = {REF,VNS},
	Publisher                = {Elsevier}
}

@Article{bianco1993,
	Title                    = {The traveling salesman problem with cumulative costs},
	Author                   = {Bianco, Lucio and Mingozzi, Aristide and Ricciardelli, Salvatore},
	Journal                  = {Networks},
	Year                     = {1993},
	Number                   = {2},
	Pages                    = {81--91},
	Volume                   = {23},

	Publisher                = {Wiley Online Library}
}

@Article{mladenovic2013,
	Title                    = {Variable neighborhood search for the travelling deliveryman problem},
	Author                   = {Nenad Mladenovi{\'c} and Dragan Uro{\v{s}}evi{\'c} and Sa{\"\i}d Hanafi},
	Journal                  = {4OR},
	Year                     = {2013},
	Number                   = {1},
	Pages                    = {57--73},
	Volume                   = {11},

	Publisher                = {Springer}
}

@Article{tsitsiklis1992,
	Title                    = {Special cases of traveling salesman and repairman problems with time windows},
	Author                   = {Tsitsiklis, John N},
	Journal                  = {Networks},
	Year                     = {1992},

	Month                    = may,
	Number                   = {3},
	Pages                    = {263--282},
	Volume                   = {22}
}

@article{2468,
	address = {New York, NY, USA},
	author = {Gurd, J R and Kirkham, C C and Watson, I},
	doi = {10.1145/2465.2468},
	file = {:home/lmarzulo/Documents/papers/p34-gurd.pdf:pdf},
	issn = {00010782},
	journal = {Communications of the ACM},
	month = jan,
	number = {1},
	pages = {34--52},
	publisher = {ACM},
	title = {{The Manchester prototype dataflow computer}},
	volume = {28},
	year = {1985}
}

@article{Shimada:1986:EPD:17356.17383,
    author = {Shimada, T. and Hiraki, K. and Nishida, K. and Sekiguchi, S.},
    title = {Evaluation of a Prototype Data Flow Processor of the SIGMA-1 for Scientific Computations},
    journal = {SIGARCH Comput. Archit. News},
    issue_date = {May 1986},
    volume = {14},
    number = {2},
    month = may,
    year = {1986},
    issn = {0163-5964},
    pages = {226--234},
    numpages = {9},
    url = {http://doi.acm.org/10.1145/17356.17383},
    doi = {10.1145/17356.17383},
    acmid = {17383},
    publisher = {ACM},
    address = {New York, NY, USA}
}

@article{Kishi:1983:DDD:1067651.801661,
    author = {Kishi, Masasuke and Yasuhara, Hiroshi and Kawamura, Yasusuke},
    title = {DDDP-a Distributed Data Driven Processor},
    journal = {SIGARCH Comput. Archit. News},
    issue_date = {June 1983},
    volume = {11},
    number = {3},
    month = jun,
    year = {1983},
    issn = {0163-5964},
    pages = {236--242},
    numpages = {7},
    url = {http://dl.acm.org/citation.cfm?id=1067651.801661},
    acmid = {801661},
    publisher = {ACM},
    address = {New York, NY, USA}
}

@article{Swanson:2007:WA:1233307.1233308,
    author = {Swanson, Steven and Schwerin, Andrew and Mercaldi, Martha and Petersen, Andrew and Putnam, Andrew and Michelson, Ken and Oskin, Mark and Eggers, Susan J.},
    title = {The WaveScalar Architecture},
    journal = {ACM Trans. Comput. Syst.},
    issue_date = {May 2007},
    volume = {25},
    number = {2},
    month = may,
    year = {2007},
    issn = {0734-2071},
    pages = {4:1--4:54},
    articleno = {4},
    numpages = {54},
    url = {http://doi.acm.org/10.1145/1233307.1233308},
    doi = {10.1145/1233307.1233308},
    acmid = {1233308},
    publisher = {ACM},
    address = {New York, NY, USA},
    keywords = {WaveScalar, dataflow computing, multithreading}
}

%Maquinas Dataflow
@ARTICLE{642111,
	author = {Jack B. Dennis and David P. Misunas},
	title = {A preliminary architecture for a basic data-flow processor},
	journal = {SIGARCH Comput. Archit. News},
	year = {1974},
	volume = {3},
	pages = {126--132},
	number = {4},
	address = {New York, NY, USA},
	doi = {http://doi.acm.org/10.1145/641675.642111},
	issn = {0163-5964},
	publisher = {ACM Press}
}

@article{tomasulo,
	author = {Tomasulo, R M},
	file = {:home/lmarzulo/Documents/papers/10.1.1.129.4915.pdf:pdf},
	journal = {IBM Journal of Research and Development},
	month = jan,
	pages = {25--33},
	title = {{An efficient algorithm for exploring multiple arithmetic units}},
	volume = {11},
	year = {1967}
}

% --- book
@BOOK{handbookmeta,
    title = {Handbook of Metaheuristics},
    editor = {Gendreau, Michel and Potvin, Jean-Yves},
    year = {2010},
    publisher = {Springer},
    url = {https://EconPapers.repec.org/RePEc:spr:isorms:978-1-4419-1665-5}
}

@book{GareyJohnson1990,
    author = {Garey, Michael R. and Johnson, David S.},
    title = {Computers and Intractability; A Guide to the Theory of NP-Completeness},
    year = {1990},
    isbn = {0716710455},
    publisher = {W. H. Freeman \& Co.},
    address = {New York, NY, USA}
}

@book{glover2006handbook,
	title={Handbook of metaheuristics},
	author={Glover, Fred W and Kochenberger, Gary A},
	volume={57},
	year={2006},
	publisher={Springer Science \& Business Media}
}

@book{patterson2003computerOrganization,
    title={Computer organization and design (3rd ed.): the hardware/software interface},
    author={David Patterson and John Hennessy},
    isbn={1558604286},
    series={The Morgan Kaufmann Series in Computer Architecture and Design},
    url={https://www.elsevier.com/books/computer-organization-and-design/patterson/978-0-08-050257-1},
    year={2003},
    publisher={Morgan Kaufmann Publishers Inc.}
}

@Book{patterson2012,
	Title                    = {Computer architecture: a quantitative approach},
	Author                   = {Hennessy, John L and Patterson, David A},
	Publisher                = {Morgan Kaufmann Publishers Inc.},
	Year                     = {2011},

	Address                  = {San Francisco, CA, USA},
	Edition                  = {5th},

	ISBN                     = {9780123838728},
	Keywords                 = {ARCH,reference},
	Mendeley-tags            = {ARCH},
	Pages                    = {856}
}

% --- Conference

@conference {wamca2016,
    author={Eyder Rios and Igor M. Coelho and Luiz Satoru Ochi and Cristina Boeres and Ricardo Farias },
    title={ A Benchmark on Multi Improvement Neighborhood Search Strategies in CPU/GPU Systems },
    booktitle={ WAMCA 2016 (SBAC 2016) },
    year={ 2016 }
}

@conference {df-dvnd2018,
    author={Rodolfo Pereira Araujo and Igor Machado Coelho and Leandro A. J. Marzulo},
    title={A DVND local search implemented on a dataflow architecture for the Minimum Latency Problem},
    booktitle={7th Worksohp on Parallel Programming Models (32nd IEEE International Parallel and Distributed Processing Symposium - IPDPS 2018)},
    year={2018}
}

@conference{2017:Araujo,
	author={Rodolfo Pereira Araujo and Eyder Rios and Igor M. Coelho and Leandro A. J. Marzulo and Maria Clicia Castro},
	booktitle = {5th International Conference on Variable Neighborhood Search},
	title = {A novel List-Constrained Randomized VND approach in GPU for the Traveling Thief Problem},
	year = {2017}
}

@conference{lcswamca,
	author = {Alves, Tiago A.O. and Marzulo, Leandro A. J.  and Franca, Felipe M. G. },
	booktitle = {4th Workshop on Applications for Multi-Core Architectures},
	title = {Unleashing Parallelism in Longest Common Subsequence Using Dataflow},
	year = {2013}
}

% --- in proceedings

% Papers sucuri:
@inproceedings{sucuri-original,
	title={A Minimalistic Dataflow Programming Library for Python},
	author={Alves, Tiago and Goldstein, Brunno F and Fran\c{c}a, Felipe MG and Marzulo, Leandro and others},
	booktitle={Computer Architecture and High Performance Computing Workshop (SBAC-PADW), 2014 International Symposium on},
	year={2014},
	organization={IEEE}
}

@inproceedings{1136512,
	address = {Washington, DC, USA},
	annote = {Program Demultiplexing $\backslash$cite\{1136512\} is a different execution paradigm where methods or functions are demultiplexed to be executed concurrently with the rest of the program, according to data-flow. As soon as the demultiplexed method's input parameters are ready, the method is fired speculatively. When the control-flow reaches the original $\backslash$emph\{call site\} for that method, the write operations are committed, in case no conflicts are found. Otherwise, the method is re-executed.},
	author = {Balakrishnan, Saisanthosh and Sohi, G.S.},
	booktitle = {33rd International Symposium on Computer Architecture (ISCA'06)},
	doi = {10.1109/ISCA.2006.31},
	file = {:home/lmarzulo/Documents/papers/01635961.pdf:pdf},
	isbn = {0-7695-2608-X},
	pages = {302--313},
	publisher = {IEEE},
	title = {{Program Demultiplexing: Data-flow based Speculative Parallelization of Methods in Sequential Programs}},
	year = {2006}
}

@inproceedings{Gupta:2011:DES:2155620.2155628,
	author = {Gupta, Gagan and Sohi, Gurindar S.},
	title = {Dataflow Execution of Sequential Imperative Programs on Multicore Architectures},
	booktitle = {Proceedings of the 44th Annual IEEE/ACM International Symposium on Microarchitecture},
	series = {MICRO-44},
	year = {2011},
	isbn = {978-1-4503-1053-6},
	location = {Porto Alegre, Brazil},
	pages = {59--70},
	numpages = {12},
	url = {http://doi.acm.org/10.1145/2155620.2155628},
	doi = {10.1145/2155620.2155628},
	acmid = {2155628},
	publisher = {ACM},
	address = {New York, NY, USA},
	keywords = {dataflow, determinacy, multicore, programming},
}

@InProceedings{rios2015,
	Title                    = {A Performance Study on GPU-based Neighborhood Search Algorithms for Vehicle Routing},
	Author                   = {Eyder Rios and Ochi, Luiz Satoru and Boeres, Cristina and Igor M. Coelho and Ricardo Farias},
	
	Booktitle                = {6th Workshop on Applications for Multi-core Architectures (WAMCA), held in conjuction with SBAC-PAD'2015},
	Year                     = {2015},
	Address                  = {Florian\'opolis, SC, Brazil},

	Keywords                 = {ILS,MULTICORE},
	Mendeley-tags            = {ILS,MULTICORE}
}

@inproceedings{Swanson2003,
	author = {Swanson, S and Michelson, K and Schwerin, A and Oskin, M},
	booktitle = {Microarchitecture, 2003. MICRO-36. Proceedings. 36th Annual IEEE/ACM International Symposium on},
	doi = {10.1109/MICRO.2003.1253203},
	file = {:home/lmarzulo/Documents/papers/01253203.pdf:pdf},
	isbn = {0-7695-2043-X},
	pages = {291--302},
	publisher = {IEEE Comput. Soc},
	title = {{WaveScalar}},
	year = {2003}
}

@inproceedings{Davis:1978:ASM:800094.803050,
    author = {Davis, A. L.},
    title = {The Architecture and System Method of DDM1: A Recursively Structured Data Driven Machine},
    booktitle = {Proceedings of the 5th Annual Symposium on Computer Architecture},
    series = {ISCA '78},
    year = {1978},
    pages = {210--215},
    numpages = {6},
    url = {http://doi.acm.org/10.1145/800094.803050},
    doi = {10.1145/800094.803050},
    acmid = {803050},
    publisher = {ACM},
    address = {New York, NY, USA}
}

@INPROCEEDINGS{714523, 
    author={S. Sakai and Y. Yamaguchi and K. Hiraki and Y. Kodama and T. Yuba}, 
    booktitle={The 16th Annual International Symposium on Computer Architecture}, 
    title={An Architecture Of A Dataflow Single Chip Processor}, 
    year={1989}, 
    volume={}, 
    number={}, 
    pages={46-53}, 
    keywords={Computer architecture;Concurrent computing;Costs;Hardware;High performance computing;Laboratories;Parallel machines;Permission;Pipelines;Switches}, 
    doi={10.1109/ISCA.1989.714523}, 
    ISSN={1063-6897}, 
    month={May}
}

@inproceedings{Grafe:1989:EDP:74925.74930,
    author = {Grafe, V. G. and Davidson, G. S. and Hoch, J. E. and Holmes, V. P.},
    title = {The Epsilon Dataflow Processor},
    booktitle = {Proceedings of the 16th Annual International Symposium on Computer Architecture},
    series = {ISCA '89},
    year = {1989},
    isbn = {0-89791-319-1},
    location = {Jerusalem, Israel},
    pages = {36--45},
    numpages = {10},
    url = {http://doi.acm.org/10.1145/74925.74930},
    doi = {10.1145/74925.74930},
    acmid = {74930},
    publisher = {ACM},
    address = {New York, NY, USA}
}

@INPROCEEDINGS{134511, 
    author={G. M. Papadopoulos and D. E. Culler}, 
    booktitle={[1990] Proceedings. The 17th Annual International Symposium on Computer Architecture}, 
    title={Monsoon: an explicit token-store architecture}, 
    year={1990}, 
    volume={}, 
    number={}, 
    pages={82-91}, 
    keywords={parallel architectures;parallel machines;pipeline processing;Monsoon;activation frame;addressing capability;data flow architectures;data-flow execution;data-flow graph;explicit token-store architecture;long unpredictable communication delays;machine-originated ETS model;pipelined;state bits;storage management;Computer architecture;Computer science;Costs;Delay;Hardware;Laboratories;Large-scale systems;Parallel machines;Processor scheduling;Prototypes}, 
    doi={10.1109/ISCA.1990.134511}, 
    ISSN={}, 
    month={May}
}

@inproceedings{sucuri-distribuida,
	author = {Silva, Rafael J.N. and Goldstein, Brunno and Santiago, Leandro and Sena, Alexandre C and Marzulo, Leandro A.J. and Alves, Tiago A.O. and Fran\c{c}a, Felipe M.G.},
	booktitle = {2016 International Symposium on Computer Architecture and High Performance Computing Workshops (SBAC-PADW)},
	doi = {10.1109/SBAC-PADW.2016.15},
	file = {:home/caio/Mestrado/Dissertacao/Sucuri/07803693.pdf:pdf},
	isbn = {978-1-5090-4844-1},
	mendeley-groups = {Dissertacao/Sucuri},
	month = {oct},
	pages = {37--42},
	publisher = {IEEE},
	title = {{Task Scheduling in Sucuri Dataflow Library}},
	url = {http://ieeexplore.ieee.org/document/7803693/},
	volume = {1},
	year = {2016}
}

% --- Misc

%Mark Harris
@Misc{cudaProTipOccupancy,
	title = {CUDA Pro Tip: Occupancy API Simplifies Launch Configuration},
	author = {NVIDIA},
	year = {2014},
	month = {July},
	keywords = {Accelerated Computing, CUDA, CUDA 6.5, CUDA C/C++, Occupancy, Pro Tip},
	mendeley-tags = {CUDA,GPU},
	url = {https://devblogs.nvidia.com/cuda-pro-tip-occupancy-api-simplifies-launch-configuration/}
}

@misc{simple-pycuda,
  title = {{SimplePyCuda}},
  howpublished = {\url{https://github.com/igormcoelho/simple-pycuda}},
  note = {Accessed: 2018-02-16},
  year = 2017
}

@MISC{tbbflow,
	key = {TBB FlowGraph},
	title = {TBB FlowGraph},
	url = {http://www.threadingbuildingblocks.org/docs/help/ reference/flow_graph.htm},
	year  = "accessed on August 8, 2014."
}

% --- PHD Thesis

@phdthesis{teseMarzulo,
  author       = {Leandro Augusto Justen Marzulo},
  title        = {Explorando linhas de execução paralelas com programação orientada por fluxo de dados},
  school       = {Instituto Alberto Luiz Coimbra de Pós-Graduação e Pesquisa de Engenharia},
  year         = 2011,
  address      = {Rio de Janeiro, RJ, Brasil},
  month        = 10,
  note         = {Universidade Federal do Rio de Janeiro}
}

@PHDThesis{Pisinger:1995,
    author = {Pisinger, David},
    title  ={Algorithms for Knapsack Problems},
    school ={University of Copenhagen},
    city = Copenhagen,
    year ={1995}
}
