@abnt-options{abnt-options4,
  abnt-thesis-year = {final},
  abnt-full-initials = {yes},
  abnt-year-extra-label = {yes},
  abnt-repeated-title-omit = {yes},
  abnt-repeated-author-omit = {yes},
  abnt-etal-list = 3,
  key = {a}
}